[gd_scene load_steps=12 format=2]

[ext_resource path="res://data/scripts/Li.gd" type="Script" id=1]
[ext_resource path="res://data/graphics/li_idle.png" type="Texture" id=2]
[ext_resource path="res://data/graphics/aa_effect.png" type="Texture" id=3]
[ext_resource path="res://data/scripts/Antiair.gd" type="Script" id=4]

[sub_resource type="RectangleShape2D" id=1]

custom_solver_bias = 0.0
extents = Vector2( 10, 10 )
_sections_unfolded = [ "Resource" ]

[sub_resource type="RectangleShape2D" id=2]

custom_solver_bias = 0.0
extents = Vector2( 15, 3 )
_sections_unfolded = [ "Resource" ]

[sub_resource type="RectangleShape2D" id=3]

custom_solver_bias = 0.0
extents = Vector2( 13, 15 )

[sub_resource type="RectangleShape2D" id=4]

custom_solver_bias = 0.0
extents = Vector2( 10, 1 )

[sub_resource type="RectangleShape2D" id=5]

custom_solver_bias = 0.0
extents = Vector2( 10, 1 )

[sub_resource type="RectangleShape2D" id=7]

custom_solver_bias = 0.0
extents = Vector2( 10, 10 )

[sub_resource type="RectangleShape2D" id=6]

custom_solver_bias = 0.0
extents = Vector2( 25, 15 )

[node name="Li" type="Node2D" index="0"]

script = ExtResource( 1 )
_sections_unfolded = [ "Transform", "Z Index" ]

[node name="LiSprite" type="Sprite" parent="." index="0"]

z_index = 5
texture = ExtResource( 2 )
hframes = 2
_sections_unfolded = [ "Animation", "Material", "Offset", "Region", "Transform", "Visibility", "Z Index" ]
__meta__ = {
"_edit_lock_": true
}

[node name="Hitbox" type="Area2D" parent="LiSprite" index="0"]

input_pickable = true
gravity_vec = Vector2( 0, 1 )
gravity = 98.0
linear_damp = 0.1
angular_damp = 1.0
monitorable = false
collision_layer = 0
collision_mask = 16384
audio_bus_override = false
audio_bus_name = "Master"
_sections_unfolded = [ "Collision", "Pickable" ]
__meta__ = {
"_edit_lock_": true
}

[node name="CollisionShape2D" type="CollisionShape2D" parent="LiSprite/Hitbox" index="0"]

shape = SubResource( 1 )
__meta__ = {
"_edit_lock_": true
}

[node name="Feetbox" type="Area2D" parent="LiSprite" index="1"]

position = Vector2( 0, 15 )
input_pickable = true
gravity_vec = Vector2( 0, 1 )
gravity = 98.0
linear_damp = 0.1
angular_damp = 1.0
monitorable = false
collision_layer = 0
collision_mask = 524288
audio_bus_override = false
audio_bus_name = "Master"
_sections_unfolded = [ "Collision", "Transform", "Visibility", "Z Index" ]
__meta__ = {
"_edit_lock_": true
}

[node name="CollisionShape2D" type="CollisionShape2D" parent="LiSprite/Feetbox" index="0"]

shape = SubResource( 2 )
_sections_unfolded = [ "Visibility" ]
__meta__ = {
"_edit_lock_": true
}

[node name="SlideHitbox" type="Area2D" parent="LiSprite" index="2"]

input_pickable = true
gravity_vec = Vector2( 0, 1 )
gravity = 98.0
linear_damp = 0.1
angular_damp = 1.0
monitoring = false
monitorable = false
collision_layer = 512
collision_mask = 0
audio_bus_override = false
audio_bus_name = "Master"
_sections_unfolded = [ "Collision" ]

[node name="CollisionShape2D" type="CollisionShape2D" parent="LiSprite/SlideHitbox" index="0"]

position = Vector2( 21, 5 )
shape = SubResource( 3 )
_sections_unfolded = [ "Transform" ]

[node name="BoundboxLeft" type="Area2D" parent="LiSprite" index="3"]

input_pickable = true
gravity_vec = Vector2( 0, 1 )
gravity = 98.0
linear_damp = 0.1
angular_damp = 1.0
collision_layer = 0
collision_mask = 131072
audio_bus_override = false
audio_bus_name = "Master"
_sections_unfolded = [ "Collision" ]

[node name="CollisionShape2D" type="CollisionShape2D" parent="LiSprite/BoundboxLeft" index="0"]

position = Vector2( -8, 0 )
shape = SubResource( 4 )
_sections_unfolded = [ "Transform" ]

[node name="BoundboxRight" type="Area2D" parent="LiSprite" index="4"]

input_pickable = true
gravity_vec = Vector2( 0, 1 )
gravity = 98.0
linear_damp = 0.1
angular_damp = 1.0
collision_layer = 0
collision_mask = 262144
audio_bus_override = false
audio_bus_name = "Master"
_sections_unfolded = [ "Collision" ]

[node name="CollisionShape2D" type="CollisionShape2D" parent="LiSprite/BoundboxRight" index="0"]

position = Vector2( 8, 0 )
shape = SubResource( 5 )
_sections_unfolded = [ "Transform" ]

[node name="Fallbox" type="Area2D" parent="LiSprite" index="5"]

input_pickable = true
gravity_vec = Vector2( 0, 1 )
gravity = 98.0
linear_damp = 0.1
angular_damp = 1.0
collision_layer = 0
collision_mask = 8
audio_bus_override = false
audio_bus_name = "Master"
_sections_unfolded = [ "Collision" ]

[node name="CollisionShape2D" type="CollisionShape2D" parent="LiSprite/Fallbox" index="0"]

shape = SubResource( 7 )

[node name="Antiair" type="Sprite" parent="." index="1"]

position = Vector2( 0, -8 )
z_index = 3
texture = ExtResource( 3 )
hframes = 9
script = ExtResource( 4 )
_sections_unfolded = [ "Animation", "Offset", "Region", "Transform", "Visibility", "Z Index" ]
__meta__ = {
"_edit_lock_": true
}

[node name="Hitbox" type="Area2D" parent="Antiair" index="0"]

position = Vector2( 0, 10 )
input_pickable = true
gravity_vec = Vector2( 0, 1 )
gravity = 98.0
linear_damp = 0.1
angular_damp = 1.0
monitoring = false
monitorable = false
collision_layer = 512
collision_mask = 0
audio_bus_override = false
audio_bus_name = "Master"
_sections_unfolded = [ "Audio Bus", "Collision", "Pickable", "Transform", "Visibility", "Z Index" ]
__meta__ = {
"_edit_lock_": true
}

[node name="CollisionShape2D" type="CollisionShape2D" parent="Antiair/Hitbox" index="0"]

position = Vector2( -25, -5 )
shape = SubResource( 6 )
_sections_unfolded = [ "Material", "Transform", "Visibility", "Z Index" ]
__meta__ = {
"_edit_lock_": true
}

[node name="CollisionShape2D2" type="CollisionShape2D" parent="Antiair/Hitbox" index="1"]

position = Vector2( 25, -5 )
shape = SubResource( 6 )
_sections_unfolded = [ "Material", "Transform", "Visibility", "Z Index" ]
__meta__ = {
"_edit_lock_": true
}

[node name="Antiair2" type="Sprite" parent="Antiair" index="1"]

modulate = Color( 1, 1, 1, 0.309412 )
z_index = 10
texture = ExtResource( 3 )
hframes = 9
script = ExtResource( 4 )
_sections_unfolded = [ "Animation", "Offset", "Region", "Transform", "Visibility", "Z Index" ]
__meta__ = {
"_edit_lock_": true
}

[node name="Timer" type="Timer" parent="." index="2"]

process_mode = 1
wait_time = 1.0
one_shot = true
autostart = true


