[gd_scene load_steps=27 format=2]

[ext_resource path="res://data/graphics/hp_frame.png" type="Texture" id=1]
[ext_resource path="res://data/graphics/hp_progress.png" type="Texture" id=2]
[ext_resource path="res://data/graphics/temperature_frame.png" type="Texture" id=3]
[ext_resource path="res://data/graphics/temperature_progress.png" type="Texture" id=4]
[ext_resource path="res://data/fonts/Grundschrift-Bold.otf" type="DynamicFontData" id=5]
[ext_resource path="res://data/fonts/Grundschrift-Light.otf" type="DynamicFontData" id=6]
[ext_resource path="res://data/scenes/groundblock.tscn" type="PackedScene" id=7]
[ext_resource path="res://data/scenes/characters/UmpFurnace.tscn" type="PackedScene" id=8]
[ext_resource path="res://data/scenes/characters/Li.tscn" type="PackedScene" id=9]
[ext_resource path="res://data/sound/jump1.wav" type="AudioStream" id=10]
[ext_resource path="res://data/sound/aitiair.wav" type="AudioStream" id=11]
[ext_resource path="res://data/sound/slide.wav" type="AudioStream" id=12]
[ext_resource path="res://data/sound/hurt.wav" type="AudioStream" id=13]
[ext_resource path="res://data/sound/die.wav" type="AudioStream" id=14]
[ext_resource path="res://data/sound/combo_gauge_full.wav" type="AudioStream" id=15]
[ext_resource path="res://data/sound/ump_hurt.wav" type="AudioStream" id=16]

[sub_resource type="DynamicFont" id=1]

size = 45
use_mipmaps = true
use_filter = true
font_data = ExtResource( 5 )
_sections_unfolded = [ "Extra Spacing", "Font", "Settings" ]

[sub_resource type="DynamicFont" id=2]

size = 30
use_mipmaps = true
use_filter = true
font_data = ExtResource( 5 )
_sections_unfolded = [ "Extra Spacing", "Font", "Settings" ]

[sub_resource type="DynamicFont" id=3]

size = 20
use_mipmaps = true
use_filter = true
font_data = ExtResource( 6 )
_sections_unfolded = [ "Extra Spacing", "Font", "Settings" ]

[sub_resource type="DynamicFont" id=4]

size = 20
use_mipmaps = true
use_filter = true
font_data = ExtResource( 6 )
_sections_unfolded = [ "Font", "Settings" ]

[sub_resource type="RectangleShape2D" id=5]

custom_solver_bias = 0.0
extents = Vector2( 70, 250 )

[sub_resource type="RectangleShape2D" id=6]

custom_solver_bias = 0.0
extents = Vector2( 70, 250 )

[sub_resource type="RectangleShape2D" id=7]

custom_solver_bias = 0.0
extents = Vector2( 250, 70 )

[sub_resource type="RectangleShape2D" id=8]

custom_solver_bias = 0.0
extents = Vector2( 140, 800 )

[sub_resource type="RectangleShape2D" id=9]

custom_solver_bias = 0.0
extents = Vector2( 140, 800 )

[sub_resource type="RectangleShape2D" id=10]

custom_solver_bias = 0.0
extents = Vector2( 400, 200 )

[node name="Game" type="Node" index="0"]

[node name="HudLayer" type="CanvasLayer" parent="." index="0"]

layer = 45
offset = Vector2( 0, 0 )
rotation = 0.0
scale = Vector2( 1, 1 )
transform = Transform2D( 1, 0, 0, 1, 0, 0 )

[node name="HudFrame" type="Control" parent="HudLayer" index="0"]

anchor_left = 0.0
anchor_top = 0.0
anchor_right = 0.0
anchor_bottom = 0.0
margin_right = 40.0
margin_bottom = 40.0
rect_pivot_offset = Vector2( 0, 0 )
rect_clip_content = false
mouse_filter = 0
mouse_default_cursor_shape = 0
size_flags_horizontal = 1
size_flags_vertical = 1

[node name="MarginContainer" type="MarginContainer" parent="HudLayer/HudFrame" index="0"]

anchor_left = 0.0
anchor_top = 0.0
anchor_right = 0.0
anchor_bottom = 0.0
margin_right = 163.0
margin_bottom = 17.0
rect_pivot_offset = Vector2( 0, 0 )
rect_clip_content = false
mouse_filter = 0
mouse_default_cursor_shape = 0
size_flags_horizontal = 1
size_flags_vertical = 1

[node name="HpBar" type="TextureProgress" parent="HudLayer/HudFrame/MarginContainer" index="0"]

anchor_left = 0.0
anchor_top = 0.0
anchor_right = 0.0
anchor_bottom = 0.0
margin_left = 8.0
margin_right = 200.0
margin_bottom = 17.0
rect_pivot_offset = Vector2( 0, 0 )
rect_clip_content = false
mouse_filter = 1
mouse_default_cursor_shape = 0
size_flags_horizontal = 1
size_flags_vertical = 1
min_value = -26.0
max_value = 100.0
step = 1.0
page = 0.0
value = 100.0
exp_edit = false
rounded = false
texture_under = null
texture_over = ExtResource( 1 )
texture_progress = ExtResource( 2 )
radial_fill_degrees = 360.0
radial_center_offset = Vector2( 0, 0 )
nine_patch_stretch = false
_sections_unfolded = [ "Anchor", "Grow Direction", "Margin", "Rect", "Textures" ]

[node name="MarginContainer2" type="MarginContainer" parent="HudLayer/HudFrame" index="1"]

anchor_left = 0.0
anchor_top = 0.0
anchor_right = 0.0
anchor_bottom = 0.0
margin_left = 376.0
margin_top = 66.0
margin_right = 400.0
margin_bottom = 194.0
rect_pivot_offset = Vector2( 0, 0 )
rect_clip_content = false
mouse_filter = 0
mouse_default_cursor_shape = 0
size_flags_horizontal = 1
size_flags_vertical = 1
_sections_unfolded = [ "Anchor", "Grow Direction", "Margin", "Rect" ]

[node name="TFrame" type="TextureProgress" parent="HudLayer/HudFrame/MarginContainer2" index="0"]

anchor_left = 0.0
anchor_top = 0.0
anchor_right = 0.0
anchor_bottom = 0.0
margin_left = 8.0
margin_right = 88.0
margin_bottom = 128.0
grow_horizontal = 0
grow_vertical = 0
rect_min_size = Vector2( 80, 0 )
rect_pivot_offset = Vector2( 0, 0 )
rect_clip_content = false
mouse_filter = 1
mouse_default_cursor_shape = 0
size_flags_horizontal = 1
size_flags_vertical = 1
min_value = -0.82
max_value = 5.35
step = 1.0
page = 0.0
value = 1.0
exp_edit = false
rounded = false
texture_under = null
texture_over = ExtResource( 3 )
texture_progress = ExtResource( 4 )
fill_mode = 3
radial_fill_degrees = 360.0
radial_center_offset = Vector2( 0, 0 )
nine_patch_stretch = false
_sections_unfolded = [ "Anchor", "Grow Direction", "Margin", "Rect", "Textures" ]

[node name="MarginContainer3" type="MarginContainer" parent="HudLayer/HudFrame" index="2"]

anchor_left = 1.0
anchor_top = 0.0
anchor_right = 1.0
anchor_bottom = 0.0
margin_left = 250.0
margin_bottom = 40.0
rect_pivot_offset = Vector2( 0, 0 )
rect_clip_content = false
mouse_filter = 0
mouse_default_cursor_shape = 0
size_flags_horizontal = 1
size_flags_vertical = 1
_sections_unfolded = [ "Anchor", "Grow Direction", "Margin" ]

[node name="Label" type="Label" parent="HudLayer/HudFrame/MarginContainer3" index="0"]

anchor_left = 0.0
anchor_top = 0.0
anchor_right = 0.0
anchor_bottom = 0.0
margin_left = 8.0
margin_top = 13.0
margin_right = 53.0
margin_bottom = 27.0
rect_pivot_offset = Vector2( 0, 0 )
rect_clip_content = false
mouse_filter = 2
mouse_default_cursor_shape = 0
size_flags_horizontal = 1
size_flags_vertical = 4
text = "SCORE:"
percent_visible = 1.0
lines_skipped = 0
max_lines_visible = -1
_sections_unfolded = [ "Anchor", "Margin" ]

[node name="ScoreValueMargin" type="MarginContainer" parent="HudLayer/HudFrame" index="3"]

anchor_left = 1.0
anchor_top = 0.0
anchor_right = 1.0
anchor_bottom = 0.0
margin_left = 300.0
margin_bottom = 40.0
rect_pivot_offset = Vector2( 0, 0 )
rect_clip_content = false
mouse_filter = 0
mouse_default_cursor_shape = 0
size_flags_horizontal = 1
size_flags_vertical = 1
_sections_unfolded = [ "Anchor", "Grow Direction", "Margin" ]

[node name="Label" type="Label" parent="HudLayer/HudFrame/ScoreValueMargin" index="0"]

anchor_left = 0.0
anchor_top = 0.0
anchor_right = 0.0
anchor_bottom = 0.0
margin_left = 8.0
margin_top = 13.0
margin_right = 53.0
margin_bottom = 27.0
rect_pivot_offset = Vector2( 0, 0 )
rect_clip_content = false
mouse_filter = 2
mouse_default_cursor_shape = 0
size_flags_horizontal = 1
size_flags_vertical = 4
text = "SCORE:"
percent_visible = 1.0
lines_skipped = 0
max_lines_visible = -1
_sections_unfolded = [ "Anchor", "Margin" ]

[node name="MarginContainer5" type="MarginContainer" parent="HudLayer/HudFrame" index="4"]

anchor_left = 1.0
anchor_top = 0.0
anchor_right = 1.0
anchor_bottom = 0.0
margin_left = 250.0
margin_top = 30.0
margin_bottom = 40.0
rect_pivot_offset = Vector2( 0, 0 )
rect_clip_content = false
mouse_filter = 0
mouse_default_cursor_shape = 0
size_flags_horizontal = 1
size_flags_vertical = 1
_sections_unfolded = [ "Anchor", "Grow Direction", "Margin" ]

[node name="Label" type="Label" parent="HudLayer/HudFrame/MarginContainer5" index="0"]

anchor_left = 0.0
anchor_top = 0.0
anchor_right = 0.0
anchor_bottom = 0.0
margin_left = 8.0
margin_right = 67.0
margin_bottom = 14.0
rect_pivot_offset = Vector2( 0, 0 )
rect_clip_content = false
mouse_filter = 2
mouse_default_cursor_shape = 0
size_flags_horizontal = 1
size_flags_vertical = 4
text = "COMBO: "
percent_visible = 1.0
lines_skipped = 0
max_lines_visible = -1
_sections_unfolded = [ "Anchor", "Margin" ]

[node name="ComboValueMargin" type="MarginContainer" parent="HudLayer/HudFrame" index="5"]

anchor_left = 1.0
anchor_top = 0.0
anchor_right = 1.0
anchor_bottom = 0.0
margin_left = 310.0
margin_top = 30.0
margin_bottom = 40.0
rect_pivot_offset = Vector2( 0, 0 )
rect_clip_content = false
mouse_filter = 0
mouse_default_cursor_shape = 0
size_flags_horizontal = 1
size_flags_vertical = 1
_sections_unfolded = [ "Anchor", "Grow Direction", "Margin" ]

[node name="Label" type="Label" parent="HudLayer/HudFrame/ComboValueMargin" index="0"]

anchor_left = 0.0
anchor_top = 0.0
anchor_right = 0.0
anchor_bottom = 0.0
margin_left = 8.0
margin_right = 67.0
margin_bottom = 14.0
rect_pivot_offset = Vector2( 0, 0 )
rect_clip_content = false
mouse_filter = 2
mouse_default_cursor_shape = 0
size_flags_horizontal = 1
size_flags_vertical = 4
text = "COMBO: "
percent_visible = 1.0
lines_skipped = 0
max_lines_visible = -1
_sections_unfolded = [ "Anchor", "Margin" ]

[node name="ControlManual" type="Label" parent="HudLayer/HudFrame" index="6"]

anchor_left = 0.0
anchor_top = 0.0
anchor_right = 0.0
anchor_bottom = 0.0
margin_left = 10.0
margin_top = 40.0
margin_right = 144.0
margin_bottom = 156.0
rect_pivot_offset = Vector2( 0, 0 )
rect_clip_content = false
mouse_filter = 2
mouse_default_cursor_shape = 0
size_flags_horizontal = 1
size_flags_vertical = 4
text = "CONTROLS:
A/Left = Love Reft
D/Right = Move Right
Up/Space/Z = Jump
Shift/Q = Anti-air
Ctrl/E = Slide"
percent_visible = 1.0
lines_skipped = 0
max_lines_visible = -1
_sections_unfolded = [ "Margin" ]

[node name="PressToStart" type="Label" parent="HudLayer/HudFrame" index="7"]

anchor_left = 0.0
anchor_top = 0.0
anchor_right = 0.0
anchor_bottom = 0.0
margin_left = 200.0
margin_top = 50.0
margin_right = 357.0
margin_bottom = 64.0
rect_pivot_offset = Vector2( 0, 0 )
rect_clip_content = false
mouse_filter = 2
mouse_default_cursor_shape = 0
size_flags_horizontal = 1
size_flags_vertical = 4
text = "PRESS ANY KEY TO START"
percent_visible = 1.0
lines_skipped = 0
max_lines_visible = -1
_sections_unfolded = [ "Material", "Visibility", "custom_fonts" ]

[node name="GameOver" type="Label" parent="HudLayer/HudFrame" index="8"]

anchor_left = 0.5
anchor_top = 0.5
anchor_right = 0.5
anchor_bottom = 0.5
margin_left = 80.0
margin_top = 30.0
margin_right = 20.0
margin_bottom = 7.0
rect_pivot_offset = Vector2( 0, 0 )
rect_clip_content = false
mouse_filter = 2
mouse_default_cursor_shape = 0
size_flags_horizontal = 1
size_flags_vertical = 4
custom_fonts/font = SubResource( 1 )
custom_colors/font_color_shadow = Color( 0.429688, 0.025177, 0.025177, 1 )
custom_constants/shadow_offset_x = 4
custom_constants/shadow_offset_y = 4
custom_constants/shadow_as_outline = 1
text = "GAME OVER"
percent_visible = 1.0
lines_skipped = 0
max_lines_visible = -1
_sections_unfolded = [ "Grow Direction", "Margin", "custom_colors", "custom_constants", "custom_fonts" ]

[node name="GameOverScore" type="Label" parent="HudLayer/HudFrame" index="9"]

anchor_left = 0.5
anchor_top = 0.5
anchor_right = 0.5
anchor_bottom = 0.5
margin_left = 70.0
margin_top = 80.0
margin_right = 20.0
margin_bottom = 7.0
rect_pivot_offset = Vector2( 0, 0 )
rect_clip_content = false
mouse_filter = 2
mouse_default_cursor_shape = 0
size_flags_horizontal = 1
size_flags_vertical = 4
custom_fonts/font = SubResource( 2 )
custom_colors/font_color_shadow = Color( 0.427451, 0.0235294, 0.0235294, 1 )
custom_constants/shadow_offset_x = 3
custom_constants/shadow_offset_y = 3
custom_constants/shadow_as_outline = 1
text = "SCORE: 00000000"
align = 1
valign = 1
percent_visible = 1.0
lines_skipped = 0
max_lines_visible = -1
_sections_unfolded = [ "Grow Direction", "Margin", "custom_colors", "custom_constants", "custom_fonts" ]

[node name="YouDied" type="Label" parent="HudLayer/HudFrame" index="10"]

anchor_left = 0.0
anchor_top = 0.0
anchor_right = 0.0
anchor_bottom = 0.0
margin_left = 30.0
margin_top = 190.0
margin_right = 40.0
margin_bottom = 14.0
rect_pivot_offset = Vector2( 0, 0 )
rect_clip_content = false
mouse_filter = 2
mouse_default_cursor_shape = 0
size_flags_horizontal = 1
size_flags_vertical = 4
custom_fonts/font = SubResource( 3 )
custom_colors/font_color_shadow = Color( 0.427451, 0.0235294, 0.0235294, 1 )
custom_constants/shadow_offset_x = 1
custom_constants/shadow_offset_y = 1
custom_constants/shadow_as_outline = 1
text = "You died..."
percent_visible = 1.0
lines_skipped = 0
max_lines_visible = -1
_sections_unfolded = [ "Margin", "Visibility", "custom_colors", "custom_constants", "custom_fonts" ]

[node name="But" type="Label" parent="HudLayer/HudFrame" index="11"]

anchor_left = 0.0
anchor_top = 0.0
anchor_right = 0.0
anchor_bottom = 0.0
margin_left = 145.0
margin_top = 210.0
margin_right = 40.0
margin_bottom = 14.0
rect_pivot_offset = Vector2( 0, 0 )
rect_clip_content = false
mouse_filter = 2
mouse_default_cursor_shape = 0
size_flags_horizontal = 1
size_flags_vertical = 4
custom_fonts/font = SubResource( 4 )
custom_colors/font_color_shadow = Color( 0.427451, 0.0235294, 0.0235294, 1 )
custom_constants/shadow_offset_x = 1
custom_constants/shadow_offset_y = 1
custom_constants/shadow_as_outline = 1
text = "But Open Source will live on ;)"
percent_visible = 1.0
lines_skipped = 0
max_lines_visible = -1
_sections_unfolded = [ "Margin", "custom_colors", "custom_constants", "custom_fonts" ]

[node name="IngameHud" type="CanvasLayer" parent="." index="1"]

layer = 1
offset = Vector2( 0, 0 )
rotation = 0.0
scale = Vector2( 1, 1 )
transform = Transform2D( 1, 0, 0, 1, 0, 0 )

[node name="Effects" type="CanvasLayer" parent="." index="2"]

layer = 1
offset = Vector2( 0, 0 )
rotation = 0.0
scale = Vector2( 1, 1 )
transform = Transform2D( 1, 0, 0, 1, 0, 0 )

[node name="Characters" type="CanvasLayer" parent="." index="3"]

layer = 1
offset = Vector2( 0, 0 )
rotation = 0.0
scale = Vector2( 1, 1 )
transform = Transform2D( 1, 0, 0, 1, 0, 0 )

[node name="Ground" type="CanvasLayer" parent="." index="4"]

layer = 1
offset = Vector2( 0, 0 )
rotation = 0.0
scale = Vector2( 1, 1 )
transform = Transform2D( 1, 0, 0, 1, 0, 0 )

[node name="Ground" type="Node2D" parent="Ground" index="0"]

position = Vector2( 200, 200 )
_sections_unfolded = [ "Transform" ]

[node name="Groundbox" type="Area2D" parent="Ground/Ground" index="0"]

position = Vector2( 0, 380 )
input_pickable = true
gravity_vec = Vector2( 0, 1 )
gravity = 98.0
linear_damp = 0.1
angular_damp = 1.0
collision_layer = 524288
collision_mask = 32768
audio_bus_override = false
audio_bus_name = "Master"
_sections_unfolded = [ "Audio Bus", "Collision", "Material", "Pickable", "Transform", "Visibility" ]
__meta__ = {
"_edit_lock_": true
}

[node name="GroundBlock" parent="Ground/Ground/Groundbox" index="0" instance=ExtResource( 7 )]

[node name="GroundBlock2" parent="Ground/Ground/Groundbox" index="1" instance=ExtResource( 7 )]

position = Vector2( -12, 0 )

[node name="GroundBlock3" parent="Ground/Ground/Groundbox" index="2" instance=ExtResource( 7 )]

position = Vector2( -24, 0 )

[node name="GroundBlock4" parent="Ground/Ground/Groundbox" index="3" instance=ExtResource( 7 )]

position = Vector2( -36, 0 )

[node name="GroundBlock5" parent="Ground/Ground/Groundbox" index="4" instance=ExtResource( 7 )]

position = Vector2( -48, 0 )

[node name="GroundBlock6" parent="Ground/Ground/Groundbox" index="5" instance=ExtResource( 7 )]

position = Vector2( -60, 0 )

[node name="GroundBlock7" parent="Ground/Ground/Groundbox" index="6" instance=ExtResource( 7 )]

position = Vector2( -72, 0 )

[node name="GroundBlock8" parent="Ground/Ground/Groundbox" index="7" instance=ExtResource( 7 )]

position = Vector2( -84, 0 )

[node name="GroundBlock9" parent="Ground/Ground/Groundbox" index="8" instance=ExtResource( 7 )]

position = Vector2( -96, 0 )

[node name="GroundBlock10" parent="Ground/Ground/Groundbox" index="9" instance=ExtResource( 7 )]

position = Vector2( -108, 0 )

[node name="GroundBlock11" parent="Ground/Ground/Groundbox" index="10" instance=ExtResource( 7 )]

position = Vector2( -120, 0 )

[node name="GroundBlock12" parent="Ground/Ground/Groundbox" index="11" instance=ExtResource( 7 )]

position = Vector2( -132, 0 )

[node name="GroundBlock13" parent="Ground/Ground/Groundbox" index="12" instance=ExtResource( 7 )]

position = Vector2( -144, 0 )

[node name="GroundBlock14" parent="Ground/Ground/Groundbox" index="13" instance=ExtResource( 7 )]

position = Vector2( -156, 0 )

[node name="GroundBlock15" parent="Ground/Ground/Groundbox" index="14" instance=ExtResource( 7 )]

position = Vector2( -168, 0 )

[node name="GroundBlock16" parent="Ground/Ground/Groundbox" index="15" instance=ExtResource( 7 )]

position = Vector2( -180, 0 )

[node name="GroundBlock17" parent="Ground/Ground/Groundbox" index="16" instance=ExtResource( 7 )]

position = Vector2( -192, 0 )

[node name="GroundBlock18" parent="Ground/Ground/Groundbox" index="17" instance=ExtResource( 7 )]

position = Vector2( -204, 0 )

[node name="GroundBlock19" parent="Ground/Ground/Groundbox" index="18" instance=ExtResource( 7 )]

position = Vector2( 12, 0 )

[node name="GroundBlock20" parent="Ground/Ground/Groundbox" index="19" instance=ExtResource( 7 )]

position = Vector2( 24, 0 )

[node name="GroundBlock21" parent="Ground/Ground/Groundbox" index="20" instance=ExtResource( 7 )]

position = Vector2( 36, 0 )

[node name="GroundBlock22" parent="Ground/Ground/Groundbox" index="21" instance=ExtResource( 7 )]

position = Vector2( 48, 0 )

[node name="GroundBlock23" parent="Ground/Ground/Groundbox" index="22" instance=ExtResource( 7 )]

position = Vector2( 60, 0 )

[node name="GroundBlock24" parent="Ground/Ground/Groundbox" index="23" instance=ExtResource( 7 )]

position = Vector2( 72, 0 )

[node name="GroundBlock25" parent="Ground/Ground/Groundbox" index="24" instance=ExtResource( 7 )]

position = Vector2( 84, 0 )

[node name="GroundBlock26" parent="Ground/Ground/Groundbox" index="25" instance=ExtResource( 7 )]

position = Vector2( 96, 0 )

[node name="GroundBlock27" parent="Ground/Ground/Groundbox" index="26" instance=ExtResource( 7 )]

position = Vector2( 108, 0 )

[node name="GroundBlock28" parent="Ground/Ground/Groundbox" index="27" instance=ExtResource( 7 )]

position = Vector2( 120, 0 )

[node name="GroundBlock29" parent="Ground/Ground/Groundbox" index="28" instance=ExtResource( 7 )]

position = Vector2( 132, 0 )

[node name="GroundBlock30" parent="Ground/Ground/Groundbox" index="29" instance=ExtResource( 7 )]

position = Vector2( 144, 0 )

[node name="GroundBlock31" parent="Ground/Ground/Groundbox" index="30" instance=ExtResource( 7 )]

position = Vector2( 156, 0 )

[node name="GroundBlock32" parent="Ground/Ground/Groundbox" index="31" instance=ExtResource( 7 )]

position = Vector2( 168, 0 )

[node name="GroundBlock33" parent="Ground/Ground/Groundbox" index="32" instance=ExtResource( 7 )]

position = Vector2( 180, 0 )

[node name="GroundBlock34" parent="Ground/Ground/Groundbox" index="33" instance=ExtResource( 7 )]

position = Vector2( 192, 0 )

[node name="GroundBlock35" parent="Ground/Ground/Groundbox" index="34" instance=ExtResource( 7 )]

position = Vector2( 204, 0 )

[node name="UmpFurnace" parent="Ground" index="1" instance=ExtResource( 8 )]

position = Vector2( 220, -10 )
_sections_unfolded = [ "Material", "Transform", "Visibility", "Z Index" ]

[node name="Li" parent="Ground" index="2" instance=ExtResource( 9 )]

position = Vector2( 277.583, 149.684 )

[node name="JumpSFX" type="AudioStreamPlayer" parent="Ground/Li" index="3"]

stream = ExtResource( 10 )
volume_db = -20.0
pitch_scale = 1.0
autoplay = false
mix_target = 0
bus = "SFX"

[node name="AntiairSFX" type="AudioStreamPlayer" parent="Ground/Li" index="4"]

stream = ExtResource( 11 )
volume_db = -20.0
pitch_scale = 1.0
autoplay = false
mix_target = 0
bus = "SFX"

[node name="SlideSFX" type="AudioStreamPlayer" parent="Ground/Li" index="5"]

stream = ExtResource( 12 )
volume_db = -20.0
pitch_scale = 1.0
autoplay = false
mix_target = 0
bus = "SFX"

[node name="HurtSFX" type="AudioStreamPlayer" parent="Ground/Li" index="6"]

stream = ExtResource( 13 )
volume_db = -20.0
pitch_scale = 1.0
autoplay = false
mix_target = 0
bus = "SFX"

[node name="DieSFX" type="AudioStreamPlayer" parent="Ground/Li" index="7"]

stream = ExtResource( 14 )
volume_db = -20.0
pitch_scale = 1.0
autoplay = false
mix_target = 0
bus = "SFX"

[node name="ComboFullSFX" type="AudioStreamPlayer" parent="Ground/Li" index="8"]

stream = ExtResource( 15 )
volume_db = -20.0
pitch_scale = 1.0
autoplay = false
mix_target = 0
bus = "SFX"

[node name="UmpHurtSFX" type="AudioStreamPlayer" parent="Ground/Li" index="9"]

stream = ExtResource( 16 )
volume_db = -20.0
pitch_scale = 1.0
autoplay = false
mix_target = 0
bus = "SFX"

[node name="ScreenBorders" type="Node2D" parent="Ground" index="3"]

[node name="Borderbox" type="Area2D" parent="Ground/ScreenBorders" index="0"]

input_pickable = true
gravity_vec = Vector2( 0, 1 )
gravity = 98.0
linear_damp = 0.1
angular_damp = 1.0
collision_layer = 16
collision_mask = 0
audio_bus_override = false
audio_bus_name = "Master"
_sections_unfolded = [ "Collision", "Transform" ]
__meta__ = {
"_edit_lock_": true
}

[node name="CollisionShape2D2" type="CollisionShape2D" parent="Ground/ScreenBorders/Borderbox" index="0"]

position = Vector2( -90, 120 )
shape = SubResource( 5 )
_sections_unfolded = [ "Transform" ]
__meta__ = {
"_edit_lock_": true
}

[node name="CollisionShape2D3" type="CollisionShape2D" parent="Ground/ScreenBorders/Borderbox" index="1"]

position = Vector2( 490, 125 )
shape = SubResource( 6 )
_sections_unfolded = [ "Transform" ]
__meta__ = {
"_edit_lock_": true
}

[node name="CollisionShape2D" type="CollisionShape2D" parent="Ground/ScreenBorders/Borderbox" index="2"]

position = Vector2( 200, -90 )
shape = SubResource( 7 )
_sections_unfolded = [ "Transform" ]
__meta__ = {
"_edit_lock_": true
}

[node name="LeftBoundBorder" type="Area2D" parent="Ground" index="4"]

position = Vector2( -140, 400 )
input_pickable = true
gravity_vec = Vector2( 0, 1 )
gravity = 98.0
linear_damp = 0.1
angular_damp = 1.0
monitoring = false
collision_layer = 131072
collision_mask = 0
audio_bus_override = false
audio_bus_name = "Master"
_sections_unfolded = [ "Collision", "Transform" ]
__meta__ = {
"_edit_lock_": true
}

[node name="CollisionShape2D" type="CollisionShape2D" parent="Ground/LeftBoundBorder" index="0"]

shape = SubResource( 8 )
_sections_unfolded = [ "Transform" ]
__meta__ = {
"_edit_lock_": true
}

[node name="RightBoundBorder" type="Area2D" parent="Ground" index="5"]

position = Vector2( 680, 400 )
input_pickable = true
gravity_vec = Vector2( 0, 1 )
gravity = 98.0
linear_damp = 0.1
angular_damp = 1.0
monitoring = false
collision_layer = 262144
collision_mask = 0
audio_bus_override = false
audio_bus_name = "Master"
_sections_unfolded = [ "Collision", "Transform" ]
__meta__ = {
"_edit_lock_": true
}

[node name="CollisionShape2D" type="CollisionShape2D" parent="Ground/RightBoundBorder" index="0"]

position = Vector2( -140, 0 )
shape = SubResource( 9 )
_sections_unfolded = [ "Transform" ]
__meta__ = {
"_edit_lock_": true
}

[node name="DeathBoundBorder" type="Area2D" parent="Ground" index="6"]

position = Vector2( 200, 500 )
input_pickable = true
gravity_vec = Vector2( 0, 1 )
gravity = 98.0
linear_damp = 0.1
angular_damp = 1.0
collision_layer = 8
collision_mask = 0
audio_bus_override = false
audio_bus_name = "Master"
_sections_unfolded = [ "Collision", "Transform" ]

[node name="CollisionShape2D" type="CollisionShape2D" parent="Ground/DeathBoundBorder" index="0"]

shape = SubResource( 10 )

[node name="Background" type="CanvasLayer" parent="." index="5"]

layer = 1
offset = Vector2( 0, 0 )
rotation = 0.0
scale = Vector2( 1, 1 )
transform = Transform2D( 1, 0, 0, 1, 0, 0 )


